[gd_scene load_steps=13 format=2]

[ext_resource path="res://gfx/flower/trap_a00.png" type="Texture" id=1]
[ext_resource path="res://gfx/flower/trap_a01.png" type="Texture" id=2]
[ext_resource path="res://gfx/flower/trap_a02.png" type="Texture" id=3]
[ext_resource path="res://gfx/flower/trap_a03.png" type="Texture" id=4]
[ext_resource path="res://gfx/flower/trap_a04.png" type="Texture" id=5]
[ext_resource path="res://gfx/flower/trap_a05.png" type="Texture" id=6]
[ext_resource path="res://enemy_trap_anim.gd" type="Script" id=7]
[ext_resource path="res://enemy_trap_detect.gd" type="Script" id=8]

[sub_resource type="SpriteFrames" id=2]

animations = [ {
"frames": [ ExtResource( 1 ), ExtResource( 2 ), ExtResource( 3 ), ExtResource( 4 ), ExtResource( 5 ), ExtResource( 6 ), ExtResource( 4 ) ],
"loop": false,
"name": "snap",
"speed": 12.0
} ]
_sections_unfolded = [ "Resource" ]

[sub_resource type="CircleShape2D" id=3]

custom_solver_bias = 0.0
radius = 88.0

[sub_resource type="CircleShape2D" id=5]

custom_solver_bias = 0.0
radius = 169.29

[sub_resource type="CircleShape2D" id=4]

custom_solver_bias = 0.0
radius = 144.222

[node name="root" type="Node2D"]

[node name="anim" type="AnimatedSprite" parent="." index="0"]

frames = SubResource( 2 )
animation = "snap"
script = ExtResource( 7 )
_sections_unfolded = [ "Material", "Pause", "Transform", "Visibility", "Z Index" ]

[node name="StaticBody2D" type="StaticBody2D" parent="." index="1"]

input_pickable = false
collision_layer = 1
collision_mask = 1
constant_linear_velocity = Vector2( 0, 0 )
constant_angular_velocity = 0.0
friction = 0.0
bounce = 1.0
_sections_unfolded = [ "Pause", "Pickable" ]

[node name="CollisionShape2D" type="CollisionShape2D" parent="StaticBody2D" index="0"]

position = Vector2( -8, -24 )
shape = SubResource( 3 )

[node name="area_detect" type="Area2D" parent="." index="2"]

input_pickable = false
gravity_vec = Vector2( 0, 1 )
gravity = 98.0
linear_damp = 0.1
angular_damp = 1.0
monitorable = false
audio_bus_override = false
audio_bus_name = "Master"
script = ExtResource( 8 )
_sections_unfolded = [ "Collision", "Pickable", "Transform" ]

[node name="CollisionShape2D" type="CollisionShape2D" parent="area_detect" index="0"]

position = Vector2( -152, -16 )
scale = Vector2( 1.97449, 1.97449 )
shape = SubResource( 5 )

[node name="area_hit" type="Area2D" parent="." index="3"]

input_pickable = false
gravity_vec = Vector2( 0, 1 )
gravity = 98.0
linear_damp = 0.1
angular_damp = 1.0
monitorable = false
audio_bus_override = false
audio_bus_name = "Master"
_sections_unfolded = [ "Pickable" ]

[node name="CollisionShape2D" type="CollisionShape2D" parent="area_hit" index="0"]

position = Vector2( -16, -16 )
shape = SubResource( 4 )

[connection signal="area_entered" from="area_detect" to="anim" method="_on_area_detect_area_entered"]

[connection signal="body_entered" from="area_detect" to="anim" method="_on_area_detect_body_entered"]


